<?xml version="1.0" encoding="UTF-8"?><collection xmlns="http://www.loc.gov/MARC21/slim"><record><leader>00477nam--2200133-i-4500</leader><controlfield tag="001">000003421</controlfield><controlfield tag="002">20161230</controlfield><controlfield tag="005">20161230201025</controlfield><controlfield tag="008">060222s1000------------r-----000-0-eng-d</controlfield><datafield ind1=" " ind2=" " tag="100"><subfield code="a">Clerc, L. P</subfield></datafield><datafield ind1=" " ind2=" " tag="245"><subfield code="a">Structure et proprietes des couches photograph iques. lecons professees a l ecole superieure d optique. deuxieme edition, revue et augmente e</subfield></datafield><datafield ind1=" " ind2=" " tag="260"><subfield code="a">Paris,  Editions De La Revue D Optique Theoriq Ue Et Instrumentale , 1948</subfield></datafield><datafield ind1=" " ind2=" " tag="490"><subfield code="a">Viii + 193 P</subfield></datafield><datafield ind1=" " ind2=" " tag="852"><subfield code="a">771.53</subfield></datafield></record></collection>